
@BOOK{BS,
  title = {The {M}athematical {T}heory of {F}inite {E}lement {M}ethods},
  series = {Springer {S}eries: {T}exts in {A}pplied {M}athematics},
  volume = {15},
  publisher = {Springer},
  year = {2008},
  author = {S. Brenner and R. Scott}
}

@BOOK{CDE,
  title = {Computational {D}ifferential {E}quations},
  publisher = {Press {S}yndicate of the {U}niversity of {C}ambridge},
  year = {1996},
  author = {K. Eriksson, D. Estep, P. Hansbo and C. Johnson}
}

@BOOK{EG,
  title = {Theory and {P}ractice of {F}inite {E}lements},
  series = {Springer {S}eries: {A}pplied {M}athematical {S}ciences},
  volume = {159},
  publisher = {Springer},
  year = {2004},
  author = {A. Ern and J.-L. Guermond}
}

@BOOK{BF,
  title = {Mathematical {T}ools for the {S}tudy of the {I}ncompressible {N}avier--Stokes {E}quations and {R}elated {M}odels},
  series = {Springer {S}eries: {A}pplied {M}athematical {S}ciences},
  volume = {183},
  publisher = {Springer},
  year = {2013},
  author = {F. Boyer and P. Fabrie}
}

@BOOK{Brezis,
  title = {Functional {A}nalysis, {S}obolev {S}paces and {P}artial {D}ifferential {E}quations},
  publisher = {Springer},
  year = {2011},
  author = {H. Brezis}
}

@UNPUBLISHED{RH,
  title = {{A}nalyse {N}umérique des {E}{D}{P}s},
  publisher = {Université de Provence},
  year = {2006},
  author = {R. Herbin},
  note = {Notes de cours de {M}aster 2, Université de Provence}
}

@UNPUBLISHED{JCL,
  title = {{M}éthodes d'{É}léments {F}inis pour quelques problèmes elliptiques linéaires issus de la mécanique des fluides},
  publisher = {Université de Provence},
  year = {2002},
  author = {J.-C. Latché},
  note = {Notes de cours de {M}aster 2, Université de Provence}
}

@UNPUBLISHED{MIT,
  title = {{F}inite {E}lement {M}ethods for {E}lliptic {P}roblems},
  publisher = {{M}{I}{T}},
  year = {2003},
  author = {Patera, A. T.},
  note = {Lecture {N}otes, MIT OpenCourseWare}
}

